@book{Hemingway1952,ur
  title={The Old Man and the Sea},
  author={Hemingway, Ernest},
  year={1952},
  publisher={Charles Scribner's Sons}
}

@book{Wille,ur
  title={Physik der Teilchenbeschleuniger und Synchrotronstrahlungsquellen},
  author={K.Wille},
  year={1996},
  publisher={Teubner Studienbücher}
}

@book{Schirmer,ur
  title={Synchrotron radiation sources at DELTA},
  author={D.Schirmer},
  year={2005},
  publisher={University of Dortmund, Institute of Acceleratorphysics and Synchrotronradiation}
}

@book{KhanBP,ur
  title={Beschleunigerphysik Teil 2},
  author={Khan, Shaukat},
  year={2017},
  publisher={TU Dortmund}
}

@book{Kettler,ur
  title={Analyse und Steuerung der Füllstruktur in Delta},
  author={Kettler, John},
  year={2005},
  publisher={TU Dortmund}
}

@book{Bernau,ur
  title={Untersuchungen zur Optimierung der Elektronenfüllstruktur im Speicherring DELTA unter berücksichtigung der Füllstruktur Injektorsynchrotrons BoDo},
  author={Bernau, Yvonne},
  year={2016},
  publisher={TU Dortmund}
}